@article{rogeralex1999,
  title={Sistema de Vis√£o para Rob{\^o}s M{\'o}veis: Uma Aplica{\c{c}}{\~a}o ao Reconhecimento de Refer{\^e}ncias Geom{\'e}tricas},
  author={de Castro Freitas, Roger Alex},
  year={1999}
}

%=================================================================================



%=================================================================================



%=================================================================================



%=================================================================================



%=================================================================================



%=================================================================================



%=================================================================================



%=================================================================================



%=================================================================================



%=================================================================================